@inproceedings{ghost-paper,
  author       = {Jack Tigar Humphries and
                  Neel Natu and
                  Ashwin Chaugule and
                  Ofir Weisse and
                  Barret Rhoden and
                  Josh Don and
                  Luigi Rizzo and
                  Oleg Rombakh and
                  Paul Turner and
                  Christos Kozyrakis},
  editor       = {Robbert van Renesse and
                  Nickolai Zeldovich},
  title        = {ghOSt: Fast {\&} Flexible User-Space Delegation of Linux Scheduling},
  booktitle    = {{SOSP} '21: {ACM} {SIGOPS} 28th Symposium on Operating Systems Principles,
                  Virtual Event / Koblenz, Germany, October 26-29, 2021},
  pages        = {588--604},
  publisher    = {{ACM}},
  year         = {2021},
  url          = {https://doi.org/10.1145/3477132.3483542},
  doi          = {10.1145/3477132.3483542},
  timestamp    = {Thu, 21 Oct 2021 17:06:17 +0200},
  biburl       = {https://dblp.org/rec/conf/sosp/HumphriesNCWRDR21.bib},
  bibsource    = {dblp computer science bibliography, https://dblp.org}
}
